@incollection{veltkamp2001,
year={2001},
isbn={978-1-84996-868-3},
booktitle={Principles of Visual Information Retrieval},
series={Advances in Pattern Recognition},
editor={Lew, MichaelS.},
title={State of the Art in Shape Matching},
publisher={Springer London},
author={Veltkamp, RemcoC. and Hagedoorn, Michiel},
pages={87-119},
language={English}
}

@article{pasupathy2002,
Author = {Pasupathy, Anitha and Connor, Charles E.},
ISSN = {10976256},
Journal = {Nature Neuroscience},
Keywords = {NEURONS, MACAQUES, ANIMAL intelligence},
Number = {12},
Pages = {1332},
Title = {Population coding of shape in area V4.},
Volume = {5},
Year = {2002},
}

@article{gustavsen2003,
title = "Shape Perception: Complex Contour Representation in Visual Area \{V4\} ",
journal = "Current Biology ",
volume = "13",
number = "6",
pages = "R234 - R235",
year = "2003",
note = "",
issn = "0960-9822",
author = "Kate Gustavsen and Jack L. Gallant"
}

@inproceedings{alt2003,
 author = {Alt, Helmut and Efrat, Alon and Rote, G\"{u}nter and Wenk, Carola},
 title = {Matching Planar Maps},
 booktitle = {Proceedings of the Fourteenth Annual ACM-SIAM Symposium on Discrete Algorithms},
 series = {SODA '03},
 year = {2003},
 isbn = {0-89871-538-5},
 location = {Baltimore, Maryland},
 pages = {589--598},
 numpages = {10},
 publisher = {Society for Industrial and Applied Mathematics},
 address = {Philadelphia, PA, USA},
} 

@article{enroth1966,
  title={The contrast sensitivity of retinal ganglion cells of the cat},
  author={Enroth-Cugell, Christina and Robson, John G},
  journal={The Journal of physiology},
  volume={187},
  number={3},
  pages={517--552},
  year={1966},
  publisher={Physiological Soc}
}

@article{hubel1962,
  title={Receptive fields, binocular interaction and functional architecture in the cat's visual cortex},
  author={Hubel, David H and Wiesel, Torsten N},
  journal={The Journal of physiology},
  volume={160},
  number={1},
  pages={106},
  year={1962},
  publisher={Blackwell Publishing}
}

@article{reid1995,
  title={Specificity of monosynaptic connections from thalamus to visual cortex},
  author={Reid, R Clay and Alonso, Jose-Manuel},
  journal={Nature},
  volume={378},
  number={6554},
  pages={281--283},
  year={1995},
  publisher={[London: Macmillan Journals], 1869-}
}

@article{ettlinger1990,
  title={“Object vision” and “spatial vision”: the neuropsychological evidence for the distinction},
  author={Ettlinger, George},
  journal={Cortex},
  volume={26},
  number={3},
  pages={319--341},
  year={1990},
  publisher={Elsevier}
}

@article{bell2009,
  title={Object representations in the temporal cortex of monkeys and humans as revealed by functional magnetic resonance imaging},
  author={Bell, Andrew H and Hadj-Bouziane, Fadila and Frihauf, Jennifer B and Tootell, Roger BH and Ungerleider, Leslie G},
  journal={Journal of neurophysiology},
  volume={101},
  number={2},
  pages={688--700},
  year={2009},
  publisher={Am Physiological Soc}
}

@article{pasupathy1999,
  title={Responses to contour features in macaque area V4},
  author={Pasupathy, Anitha and Connor, Charles E},
  journal={Journal of Neurophysiology},
  volume={82},
  number={5},
  pages={2490--2502},
  year={1999},
  publisher={Am Physiological Soc}
}

@article{gabor1946,
  title={Theory of communication. Part 1: The analysis of information},
  author={Gabor, Dennis},
  journal={Journal of the Institution of Electrical Engineers-Part III: Radio and Communication Engineering},
  volume={93},
  number={26},
  pages={429--441},
  year={1946},
  publisher={IET}
}

@article{bulterman2002,
  title={On computing a longest path in a tree},
  author={Bulterman, RW and van der Sommen, FW and Zwaan, Gerard and Verhoeff, Tom and van Gasteren, AJM and Feijen, WHJ},
  journal={Information Processing Letters},
  volume={81},
  number={2},
  pages={93--96},
  year={2002},
  publisher={Elsevier}
}

@article{jeannin1999,
  title={Description of core experiments for MPEG-7 motion/shape},
  author={Jeannin, Sylvie and Bober, Miroslaw},
  journal={MPEG-7, ISO/IEC/JTC1/SC29/WG11/MPEG99 N},
  volume={2690},
  year={1999}
}

@article{alt1995,
  title={Computing the Fr{\'e}chet distance between two polygonal curves},
  author={Alt, Helmut and Godau, Michael},
  journal={International Journal of Computational Geometry \& Applications},
  volume={5},
  number={01n02},
  pages={75--91},
  year={1995},
  publisher={World Scientific}
}

@article{yau2012,
  title={Curvature processing dynamics in macaque area V4},
  author={Yau, Jeffrey M and Pasupathy, Anitha and Brincat, Scott L and Connor, Charles E},
  journal={Cerebral Cortex},
  pages={bhs004},
  year={2012},
  publisher={Oxford Univ Press}
}

@article{bai2010,
  title={Learning context-sensitive shape similarity by graph transduction},
  author={Bai, Xiang and Yang, Xingwei and Latecki, Longin Jan and Liu, Wenyu and Tu, Zhuowen},
  journal={Pattern Analysis and Machine Intelligence, IEEE Transactions on},
  volume={32},
  number={5},
  pages={861--874},
  year={2010},
  publisher={IEEE}
}
